% This file was created with JabRef 2.10.
% Encoding: UTF-8

@Misc{Adams2009,
  Title                    = {Dilbert Web},

  Author                   = {Scott Adams},
  HowPublished             = {\url{http://dilbert.com/strips/comic/2009-03-07/}},
  Year                     = {2009},

  Owner                    = {fernando},
  Timestamp                = {2014.05.27},
  Url                      = {http://dilbert.com/strips/comic/2009-03-07/}
}

@Article{Olaya2015,
  Title                    = {Tortas Para el Postre},
  Author                   = {Olaya O., Javier},
  Journal                  = {Revista Heurística},
  Year                     = {2015},
  Number                   = {},
  Pages                    = {7--12},
  Volume                   = {17},

  Owner                    = {fernando},
  Publisher                = {Universidad del Valle},
  Timestamp                = {2014.10.10},
  Url                      = {http://bibliotecadigital.univalle.edu.co/bitstream/10893/8358/1/01-A01-p08-12.pdf}
}

@Article{Rios2015,
  Title                    = {La cointegración en series de tiempo, una aplicación a la relación entre el PIB y el nivel de exportaciones en Colombia},
  Author                   = {Rios S., Omar A.},
  Journal                  = {Revista Heurística},
  Year                     = {2015},
  Number                   = {},
  Pages                    = {67--76},
  Volume                   = {17},

  Owner                    = {fernando},
  Publisher                = {Universidad del Valle},
  Timestamp                = {2014.10.10},
  Url                      = {http://bibliotecadigital.univalle.edu.co/bitstream/10893/8365/1/08-A08-p67-76.pdf}
}

@Article{Rubiano2015,
  Title                    = {Modelo dinámico para evaluar el flujo de la gestión de proyectos de construcción: estudio de caso en infraestructura universitaria pública},
  Author                   = {Rubiano O., Oscar and Cano M., Sandra L.},
  Journal                  = {Revista Heurística},
  Year                     = {2015},
  Number                   = {},
  Pages                    = {21--33},
  Volume                   = {17},

  Owner                    = {fernando},
  Publisher                = {Universidad del Valle},
  Timestamp                = {2014.10.10},
  Url                      = {http://bibliotecadigital.univalle.edu.co/bitstream/10893/8360/1/03-A03-p21-33.pdf}
}

@Article{Conde2015,
  Title                    = {La distribución normal una rápida revisión histórica},
  Author                   = {Conde A., Gabriel},
  Journal                  = {Revista Heurística},
  Year                     = {2015},
  Number                   = {},
  Pages                    = {59--65},
  Volume                   = {17},

  Owner                    = {fernando},
  Publisher                = {Universidad del Valle},
  Timestamp                = {2014.10.10},
  Url                      = {http://bibliotecadigital.univalle.edu.co/bitstream/10893/8364/1/07-A07-p59-65.pdf}
}

@Book{Borbon2014,
  Title                    = {Edición de textos científicos con LaTeX. Composición, gráficos, diseño editorial y presentaciones beamer},
  Author                   = {Borbón A., Alexánder and Mora F., Walter},
  Year                     = {2014},

  Address                  = {Escuela de Matemática, Instituto Tecnológico de Costa Rica.},

  Owner                    = {fernando},
  Timestamp                = {2014.10.10}
}

@comment{jabref-meta: selector_keywords:}

@comment{jabref-meta: selector_journal:}

@comment{jabref-meta: selector_publisher:}

@comment{jabref-meta: selector_author:}